@book{hull2001introduction,
  title={Introduction to dislocations},
  author={Hull, Derek and Bacon, David J},
  year={2001},
  publisher={Butterworth-Heinemann}
}

@article{monnet2004dislocation,
  title={Dislocation study of prismatic slip systems and their interactions in hexagonal close packed metals: application to zirconium},
  author={Monnet, G and Devincre, B and Kubin, LP},
  journal={Acta Mater.},
  volume={52},
  //number={14},
  pages={4317--4328},
  year={2004},
  publisher={Elsevier}
}

@article{wang2020orientation,
  title={Orientation-dependent irradiation hardening in pure Zr studied by nanoindentation, electron microscopies, and crystal plasticity finite element modeling},
  author={Wang, Qiang and Cochrane, Christopher and Skippon, Travis and Wang, Zhouyao and Abdolvand, Hamidreza and Daymond, Mark R},
  journal={Int. J. Plast.},
  volume={124},
  pages={133--154},
  year={2020},
  publisher={Elsevier}
}

@article{li2020coupled,
  title={Coupled cluster-dislocation dynamics of irradiation-induced defects},
  author={Li, Yang and Po, Giacomo and Ghoniem, Nasr},
  journal={Materialia},
  volume={14},
  pages={100891},
  year={2020},
  publisher={Elsevier}
}

@article{po2016phenomenological,
  title={A phenomenological dislocation mobility law for bcc metals},
  author={Po, Giacomo and Cui, Yinan and Rivera, David and Cereceda, David and Swinburne, Tom D and Marian, Jaime and Ghoniem, Nasr},
  journal={Acta Mater.},
  volume={119},
  pages={123--135},
  year={2016},
  publisher={Elsevier}
}

@article{khater2010dislocation,
  title={Dislocation core structure and dynamics in two atomic models of $\alpha$-zirconium},
  author={Khater, HA and Bacon, DJ},
  journal={Acta Mater.},
  volume={58},
  //number={8},
  pages={2978--2987},
  year={2010},
  publisher={Elsevier}
}

@article{akhtar1971plastic,
  title={Plastic deformation of zirconium single crystals},
  author={Akhtar, A and Teghtsoonian, A},
  journal={Acta Metall.},
  volume={19},
  //number={7},
  pages={655--663},
  year={1971},
  publisher={Elsevier}
}

@article{clouet2012screw,
  title={Screw dislocation in zirconium: An ab initio study},
  author={Clouet, Emmanuel},
  journal={Phys. Rev. B},
  volume={86},
  //number={14},
  pages={144104},
  year={2012},
  publisher={APS}
}

@article{li2021cross,
  title={On the cross-slip of screw dislocations in zirconium},
  author={Li, Yang and Chatterjee, Sabyasachi and Martinez, Enrique and Ghoniem, Nasr and Po, Giacomo},
  journal={Acta Mater.},
  volume={208},
  pages={116764},
  year={2021},
  publisher={Elsevier}
}

@article{chaari2014first,
  title={First-principles study of secondary slip in zirconium},
  author={Chaari, Nermine and Clouet, Emmanuel and Rodney, David},
  journal={Phys. Rev. Lett.},
  volume={112},
  //number={7},
  pages={075504},
  year={2014},
  publisher={APS}
}

@article{kwasniak2019influence,
  title={Influence of simple metals on the stability of $<$a$>$ basal screw dislocations in hexagonal titanium alloys},
  author={Kwasniak, Piotr and Clouet, Emmanuel},
  journal={Acta Mater.},
  volume={180},
  pages={42--50},
  year={2019},
  publisher={Elsevier}
}

@article{akhtar1973basal,
  title={Basal slip in zirconium},
  author={Akhtar, A},
  journal={Acta Metall.},
  volume={21},
  //number={1},
  pages={1--11},
  year={1973},
  publisher={Elsevier}
}

@article{soo1968deformation,
  title={The deformation of zirconium-oxygen single crystals},
  author={Soo, P and Higgins, GT},
  journal={Acta Metall.},
  volume={16},
  //number={2},
  pages={177--186},
  year={1968},
  publisher={Elsevier}
}

@article{kiener2011work,
  title={Work hardening in micropillar compression: {In} situ experiments and modeling},
  author={Kiener, Daniel and Guruprasad, PJ and Keralavarma, Shyam M and Dehm, Gerhard and Benzerga, Ahmed Amine},
  journal={Acta Mater.},
  volume={59},
  //number={10},
  pages={3825--3840},
  year={2011},
  publisher={Elsevier}
}

@article{soler2014understanding,
  title={Understanding size effects on the strength of single crystals through high-temperature micropillar compression},
  author={Soler, Rafael and Wheeler, Jeffrey M and Chang, Hyung-Jun and Segurado, Javier and Michler, Johann and Llorca, Javier and Molina-Aldareguia, Jon M},
  journal={Acta Mater.},
  volume={81},
  pages={50--57},
  year={2014},
  publisher={Elsevier}
}

@article{cui2014theoretical,
  title={Theoretical and numerical investigations of single arm dislocation source controlled plastic flow in {FCC} micropillars},
  author={Cui, YN and Lin, P and Liu, ZL and Zhuang, Z},
  journal={Int. J. Plast.},
  volume={55},
  pages={279--292},
  year={2014},
  publisher={Elsevier}
}

@article{cui2016temperature,
  title={Temperature insensitivity of the flow stress in body-centered cubic micropillar crystals},
  author={Cui, Yinan and Po, Giacomo and Ghoniem, Nasr},
  journal={Acta Mater.},
  volume={108},
  pages={128--137},
  year={2016},
  publisher={Elsevier}
}

@article{fan2021strain,
  title={Strain rate dependency of dislocation plasticity},
  author={Fan, Haidong and Wang, Qingyuan and El-Awady, Jaafar A and Raabe, Dierk and Zaiser, Michael},
  journal={Nat. Commun.},
  volume={12},
  //number={1},
  pages={1--11},
  year={2021},
  publisher={Nature Publishing Group}
}